<record><leader>00000cas a22000007a 4500</leader><controlfield tag="001">11202853</controlfield><controlfield tag="008">840927d18741893iauwr ne      0    0eng d</controlfield><controlfield tag="009">3768</controlfield><datafield ind1=" " ind2=" " tag="010"><subfield code="a">sn 84038203 </subfield></datafield><datafield ind1=" " ind2=" " tag="040"><subfield code="a">NPX</subfield><subfield code="b">eng</subfield><subfield code="c">NPX</subfield><subfield code="d">INP</subfield></datafield><datafield ind1="1" ind2=" " tag="029"><subfield code="a">AU@</subfield><subfield code="b">000025819408</subfield></datafield><datafield ind1=" " ind2=" " tag="042"><subfield code="a">msc</subfield></datafield><datafield ind1="0" ind2="0" tag="245"><subfield code="a">Humboldt kosmos.</subfield></datafield><datafield ind1="1" ind2="3" tag="246"><subfield code="a">Springvale Republican</subfield></datafield><datafield ind1=" " ind2=" " tag="260"><subfield code="a">Humboldt, Iowa :</subfield><subfield code="b">Julius Stevens,</subfield><subfield code="c">1874-</subfield></datafield><datafield ind1=" " ind2=" " tag="300"><subfield code="a">v.</subfield></datafield><datafield ind1=" " ind2=" " tag="310"><subfield code="a">Weekly</subfield></datafield><datafield ind1="0" ind2=" " tag="362"><subfield code="a">Vol. 1, no. 1 (Jan. 28, 1874)-</subfield></datafield><datafield ind1="1" ind2=" " tag="362"><subfield code="a">Ceased in Mar. 1893.</subfield><subfield code="z">Cf. Bibl. of Iowa newspapers.</subfield></datafield><datafield ind1=" " ind2=" " tag="500"><subfield code="a">Publisher varies.</subfield></datafield><datafield ind1=" " ind2=" " tag="500"><subfield code="a">"Darkness was upon the face of the deep; and the spirit of God moved upon the face of the waters, out of chaos, bringing kosmos."</subfield></datafield><datafield ind1=" " ind2=" " tag="500"><subfield code="a">"Independent," &lt;1875&gt;; "Republican," &lt;1876&gt;.</subfield></datafield><datafield ind1=" " ind2=" " tag="515"><subfield code="a">Issues for Jan. 28-&lt;Mar. 12, 1874&gt; called also whole no. 201-&lt;204&gt;; Feb. 23, 1876-&lt;Jan. 10, 1877&gt; called new ser. and called also old ser. vol. 10, no. 1-&lt;47&gt;; &lt;Feb. 14, 1877&gt;-Dec. 29, 1880 called also &lt;old count vol. 10, whole no. 520&gt;-vol. 14, whole no. 718.</subfield></datafield><datafield ind1=" " ind2=" " tag="500"><subfield code="a">Editor: F.H. Taft, &lt;1876&gt;.</subfield></datafield><datafield ind1=" " ind2=" " tag="752"><subfield code="a">United States</subfield><subfield code="b">Iowa</subfield><subfield code="c">Humboldt</subfield><subfield code="d">Humboldt.</subfield></datafield><datafield ind1="0" ind2="0" tag="780"><subfield code="t">Springvale Republican</subfield><subfield code="w">(DLC)sn 84027164</subfield></datafield><datafield ind1="0" ind2="4" tag="785"><subfield code="t">Humboldt County Republican (Livermore, Iowa : 1889)</subfield><subfield code="w">(DLC)sn 85049692</subfield></datafield></record>